@book{halim2013competitive,
  title={Competitive Programming 3: The New Lower Bound of Programming Contests},
  author={Halim, S. and Halim, F.},
  number={vol. 3},
  isbn={9788392212355},
  url={https://books.google.com.br/books?id=vUc-nwEACAAJ},
  year={2013},
  publisher={Lulu.com}
}
